@article{marlow2010haskell,
  title={Haskell 2010 language report},
  author={Marlow, Simon and others}
}


